@article{quek2009evolving,
  title={Evolving Nash-optimal poker strategies using evolutionary computation},
  author={Quek, Hanyang and Woo, Chunghoong and Tan, Kaychen and Tay, Arthur},
  journal={Frontiers of Computer Science in China},
  volume={3},
  number={1},
  pages={73--91},
  year={2009},
  publisher={Springer}
}

@misc{stanford-report,
    title = {{Machine Learning Applied to Texas Hold'Em Poker}},
    howpublished="http://cs229.stanford.edu/proj2007/LinggGoSrinivasan-MachineLearningPoker.pdf",
  year={2007}
}

@misc{stanford-mdp,
    title = {{Creating a NL Texas Hold'em Bot}},
    howpublished="http://cs229.stanford.edu/proj2012/Kumar-CreatingTexasHold'EmBot.pdf",
  year={2012}
}

@misc{experts,
    title = {{Michael Maurer's IRC Poker Database}},
    howpublished="\url{http://poker.cs.ualberta.ca/irc_poker_database.html}"
}


@misc{upenn-svm,
    title = {{Support Vector Machines in the Machine Learning, Classifier for a
Texas Hold'em Poker Bot}},
    howpublished="\url{http://www.seas.upenn.edu/~cse400/CSE400_2006_2007/Pfund/PfundPaper.pdf}",
  year={2006}
}

@article{swanson2005game,
  title={Game Theory and Poker},
  author={Swanson, Jason},
  journal={swansonsite. com},
  year={2005}
}

@inproceedings{billings2003approximating,
  title={Approximating game-theoretic optimal strategies for full-scale poker},
  author={Billings, Darse and Burch, Neil and Davidson, Aaron and Holte, Robert and Schaeffer, Jonathan and Schauenberg, Terence and Szafron, Duane},
  booktitle={IJCAI},
  pages={661--668},
  year={2003}
}