@inproceedings{spiphone,
  title={(sp) iPhone: decoding vibrations from nearby keyboards using mobile
phone accelerometers},
  author={Marquardt, Philip and Verma, Arunabh and Carter, Henry and Traynor,
Patrick},
  booktitle={Proceedings of the 18th ACM conference on Computer and
communications security},
  year={2011},
  organization={ACM}
}

@article{cheng2007mobile,
  title={Mobile malware: Threats and prevention},
  author={Cheng, Zhu},
  journal={McAfee Avert},
  year={2007}
}

@article{dagon2004mobile,
  title={Mobile phones as computing devices: The viruses are coming!},
  author={Dagon, David and Martin, Tom and Starner, Thad},
  journal={Pervasive Computing, IEEE},
  year={2004},
  publisher={IEEE}
}

@inproceedings{enck2010taintdroid,
  title={TaintDroid: An Information-Flow Tracking System for Realtime Privacy
 Monitoring on Smartphones.},
  author={Enck, William and Gilbert, Peter and Chun, Byung-Gon and Cox, Landon
 P and Jung, Jaeyeon and McDaniel, Patrick and Sheth, Anmol},
  booktitle={OSDI},
  year={2010}
}

@inproceedings{egele2011pios,
  title={PiOS: Detecting Privacy Leaks in iOS Applications.},
  author={Egele, Manuel and Kruegel, Christopher and Kirda, Engin and Vigna,
 Giovanni},
  booktitle={NDSS},
  year={2011}
}

@inproceedings{cai2011touchlogger,
  title={Touchlogger: inferring keystrokes on touch screen from smartphone
 motion},
  author={Cai, Liang and Chen, Hao},
  booktitle={Proceedings of the 6th USENIX conference on Hot topics in
 security},
  year={2011},
  organization={USENIX Association}
}

@inproceedings{owusu2012accessory,
  title={Accessory: password inference using accelerometers on smartphones},
  author={Owusu, Emmanuel and Han, Jun and Das, Sauvik and Perrig, Adrian and
 Zhang, Joy},
  booktitle={Proceedings of the Twelfth Workshop on Mobile Computing Systems
 \& Applications},
  year={2012},
  organization={ACM}
}

@inproceedings{cai2009defending,
  title={Defending against sensor-sniffing attacks on mobile phones},
  author={Cai, Liang and Machiraju, Sridhar and Chen, Hao},
  booktitle={Proceedings of the 1st ACM workshop on Networking, systems, and
 applications for mobile handhelds},
  pages={31--36},
  year={2009},
  organization={ACM}
}

@misc{r-project,
    title = {{R Project}},
    howpublished="http://www.r-project.org"
}


@misc{rweka,
    title = {{RWeka package}},
    howpublished="http://cran.r-project.org/web/packages/RWeka/index.html"
}

@misc{harvard-sentences,
    title = {{I. S. on Subjective Measurements. IEEE Recommended Practices for
Speech Quality Measurements}},
    howpublished="IEEE Transactions on Audio and Electroacoustics",
  pages={17:227--26},
  year={1969}
}

@misc{bats-nytimes,
    title = {{Protect Our Bats}},
    howpublished="http://www.nytimes.com/2014/05/12/opinion/protect-our-bats.html",
  year={2014}
}